@article{STIPs,
  title={On space-time interest points},
  author={Laptev, Ivan},
  journal={International journal of computer vision},
  volume={64},
  number={2-3},
  pages={107--123},
  year={2005},
  publisher={Springer}
}

@article{iDTs,
  title={Dense trajectories and motion boundary descriptors for action recognition},
  author={Wang, Heng and Kl{\"a}ser, Alexander and Schmid, Cordelia and Liu, Cheng-Lin},
  journal={International journal of computer vision},
  volume={103},
  number={1},
  pages={60--79},
  year={2013},
  publisher={Springer}
}

@article{MoSIFT,
  title={Mosift: Recognizing human actions in surveillance videos},
  author={Chen, Ming-yu and Hauptmann, Alexander},
  year={2009},
  publisher={Citeseer}
}

@inproceedings{vio_sift,
  title={Violence detection in video using spatio-temporal features},
  author={De Souza, Fillipe DM and Chavez, Guillermo C and do Valle Jr, Eduardo A and Ara{\'u}jo, Arnaldo de A},
  booktitle={2010 23rd SIBGRAPI Conference on Graphics, Patterns and Images},
  pages={224--230},
  year={2010},
  organization={IEEE}
}

@inproceedings{hockey,
  title={Violence detection in video using computer vision techniques},
  author={Nievas, Enrique Bermejo and Suarez, Oscar Deniz and Garc{\'\i}a, Gloria Bueno and Sukthankar, Rahul},
  booktitle={International conference on Computer analysis of images and patterns},
  pages={332--339},
  year={2011},
  organization={Springer}
}

@inproceedings{mosift_sc,
  title={Violent video detection based on MoSIFT feature and sparse coding},
  author={Xu, Long and Gong, Chen and Yang, Jie and Wu, Qiang and Yao, Lixiu},
  booktitle={2014 IEEE International Conference on Acoustics, Speech and Signal Processing (ICASSP)},
  pages={3538--3542},
  year={2014},
  organization={IEEE}
}

@inproceedings{vif,
  title={Violent flows: Real-time detection of violent crowd behavior},
  author={Hassner, Tal and Itcher, Yossi and Kliper-Gross, Orit},
  booktitle={2012 IEEE Computer Society Conference on Computer Vision and Pattern Recognition Workshops},
  pages={1--6},
  year={2012},
  organization={IEEE}
}

@article{ovif,
  title={Violence detection using oriented violent flows},
  author={Gao, Yuan and Liu, Hong and Sun, Xiaohu and Wang, Can and Liu, Yi},
  journal={Image and vision computing},
  volume={48},
  pages={37--41},
  year={2016},
  publisher={Elsevier}
}

@inproceedings{fast,
  title={Fast violence detection in video},
  author={Deniz, Oscar and Serrano, Ismael and Bueno, Gloria and Kim, Tae-Kyun},
  booktitle={2014 International Conference on Computer Vision Theory and Applications (VISAPP)},
  volume={2},
  pages={478--485},
  year={2014},
  organization={IEEE}
}

@inproceedings{moha_avss,
  title={Violence detection in crowded scenes using substantial derivative},
  author={Mohammadi, Sadegh and Kiani, Hamed and Perina, Alessandro and Murino, Vittorio},
  booktitle={2015 12th IEEE International Conference on Advanced Video and Signal Based Surveillance (AVSS)},
  pages={1--6},
  year={2015},
  organization={IEEE}
}

@article{blob,
  title={Fast fight detection},
  author={Gracia, Ismael Serrano and Suarez, Oscar Deniz and Garcia, Gloria Bueno and Kim, Tae-Kyun},
  journal={PloS one},
  volume={10},
  number={4},
  pages={e0120448},
  year={2015},
  publisher={Public Library of Science}
}

@inproceedings{bilinski2016human,
  title={Human violence recognition and detection in surveillance videos},
  author={Bilinski, Piotr and Bremond, Francois},
  booktitle={2016 13th IEEE International Conference on Advanced Video and Signal Based Surveillance (AVSS)},
  pages={30--36},
  year={2016},
  organization={IEEE}
}

@article{MoIWLD,
  title={Discriminative dictionary learning with motion weber local descriptor for violence detection},
  author={Zhang, Tao and Jia, Wenjing and He, Xiangjian and Yang, Jie},
  journal={IEEE Transactions on Circuits and Systems for Video Technology},
  volume={27},
  number={3},
  pages={696--709},
  year={2017},
  publisher={IEEE}
}

@article{lagrangian,
  title={Crowd violence detection using global motion-compensated lagrangian features and scale-sensitive video-level representation},
  author={Senst, Tobias and Eiselein, Volker and Kuhn, Alexander and Sikora, Thomas},
  journal={IEEE Transactions on Information Forensics and Security},
  volume={12},
  number={12},
  pages={2945--2956},
  year={2017},
  publisher={IEEE}
}

@inproceedings{vlad,
  title={Machine Cognition of Violence in Videos Using Novel Outlier-Resistant VLAD},
  author={Deb, Tonmoay and Arman, Aziz and Firoze, Adnan},
  booktitle={2018 17th IEEE International Conference on Machine Learning and Applications (ICMLA)},
  pages={989--994},
  year={2018},
  organization={IEEE}
}

@inproceedings{dong2016multi,
  title={Multi-stream deep networks for person to person violence detection in videos},
  author={Dong, Zhihong and Qin, Jie and Wang, Yunhong},
  booktitle={Chinese Conference on Pattern Recognition},
  pages={517--531},
  year={2016},
  organization={Springer}
}

@inproceedings{zhou2017violent,
  title={Violent interaction detection in video based on deep learning},
  author={Zhou, Peipei and Ding, Qinghai and Luo, Haibo and Hou, Xinglin},
  booktitle={Journal of Physics: Conference Series},
  volume={844},
  number={1},
  pages={012044},
  year={2017},
  organization={IOP Publishing}
}

@inproceedings{meng2017trajectory,
  title={Trajectory-pooled deep convolutional networks for violence detection in videos},
  author={Meng, Zihan and Yuan, Jiabin and Li, Zhen},
  booktitle={International Conference on Computer Vision Systems},
  pages={437--447},
  year={2017},
  organization={Springer}
}

@article{serrano2018fight,
  title={Fight Recognition in Video Using Hough Forests and 2D Convolutional Neural Network},
  author={Serrano, Ismael and Deniz, Oscar and Espinosa-Aranda, Jose Luis and Bueno, Gloria},
  journal={IEEE Transactions on Image Processing},
  volume={27},
  number={10},
  pages={4787--4797},
  year={2018},
  publisher={IEEE}
}

@inproceedings{3dcnn_ding,
  title={Violence detection in video by using 3D convolutional neural networks},
  author={Ding, Chunhui and Fan, Shouke and Zhu, Ming and Feng, Weiguo and Jia, Baozhi},
  booktitle={International Symposium on Visual Computing},
  pages={551--558},
  year={2014},
  organization={Springer}
}

@inproceedings{convlstm_sudh,
  title={Learning to detect violent videos using convolutional long short-term memory},
  author={Sudhakaran, Swathikiran and Lanz, Oswald},
  booktitle={2017 14th IEEE International Conference on Advanced Video and Signal Based Surveillance (AVSS)},
  pages={1--6},
  year={2017},
  organization={IEEE}
}

@InProceedings{bi_convlstm,
author="Hanson, Alex
and PNVR, Koutilya
and Krishnagopal, Sanjukta
and Davis, Larry",
title="Bidirectional Convolutional LSTM for the Detection of Violence in Videos",
booktitle="Computer Vision -- ECCV 2018 Workshops",
year="2019",
publisher="Springer International Publishing",
pages="280--295",
}

@inproceedings{two-stream,
  title={Two-stream convolutional networks for action recognition in videos},
  author={Simonyan, Karen and Zisserman, Andrew},
  booktitle={Advances in neural information processing systems},
  pages={568--576},
  year={2014}
}

@inproceedings{lstm,
  title={Long-term recurrent convolutional networks for visual recognition and description},
  author={Donahue, Jeffrey and Anne Hendricks, Lisa and Guadarrama, Sergio and Rohrbach, Marcus and Venugopalan, Subhashini and Saenko, Kate and Darrell, Trevor},
  booktitle={Proceedings of the IEEE conference on computer vision and pattern recognition},
  pages={2625--2634},
  year={2015}
}

@inproceedings{tsn,
  title={Temporal segment networks: Towards good practices for deep action recognition},
  author={Wang, Limin and Xiong, Yuanjun and Wang, Zhe and Qiao, Yu and Lin, Dahua and Tang, Xiaoou and Van Gool, Luc},
  booktitle={European conference on computer vision},
  pages={20--36},
  year={2016},
  organization={Springer}
}

@inproceedings{convlstm,
  title={Convolutional LSTM network: A machine learning approach for precipitation nowcasting},
  author={Xingjian, SHI and Chen, Zhourong and Wang, Hao and Yeung, Dit-Yan and Wong, Wai-Kin and Woo, Wang-chun},
  booktitle={Advances in neural information processing systems},
  pages={802--810},
  year={2015}
}

@inproceedings{3dcnn_1,
  title={Learning spatiotemporal features with 3d convolutional networks},
  author={Tran, Du and Bourdev, Lubomir and Fergus, Rob and Torresani, Lorenzo and Paluri, Manohar},
  booktitle={Proceedings of the IEEE international conference on computer vision},
  pages={4489--4497},
  year={2015}
}

@inproceedings{imagenet,
  title={Imagenet: A large-scale hierarchical image database},
  author={Deng, Jia and Dong, Wei and Socher, Richard and Li, Li-Jia and Li, Kai and Fei-Fei, Li},
  booktitle={2009 IEEE conference on computer vision and pattern recognition},
  pages={248--255},
  year={2009},
  organization={Ieee}
}

@inproceedings{kinetics,
  title={Quo vadis, action recognition? a new model and the kinetics dataset},
  author={Carreira, Joao and Zisserman, Andrew},
  booktitle={proceedings of the IEEE Conference on Computer Vision and Pattern Recognition},
  pages={6299--6308},
  year={2017}
}

@inproceedings{3dcnn_2,
  title={Can spatiotemporal 3d cnns retrace the history of 2d cnns and imagenet?},
  author={Hara, Kensho and Kataoka, Hirokatsu and Satoh, Yutaka},
  booktitle={Proceedings of the IEEE conference on Computer Vision and Pattern Recognition},
  pages={6546--6555},
  year={2018}
}

@inproceedings{r2+1d,
  title={A closer look at spatiotemporal convolutions for action recognition},
  author={Tran, Du and Wang, Heng and Torresani, Lorenzo and Ray, Jamie and LeCun, Yann and Paluri, Manohar},
  booktitle={Proceedings of the IEEE conference on Computer Vision and Pattern Recognition},
  pages={6450--6459},
  year={2018}
}

@article{NinN,
  title={Network in network},
  author={Lin, Min and Chen, Qiang and Yan, Shuicheng},
  journal={arXiv preprint arXiv:1312.4400},
  year={2013}
}

@inproceedings{densenet,
  title={Densely connected convolutional networks},
  author={Huang, Gao and Liu, Zhuang and Van Der Maaten, Laurens and Weinberger, Kilian Q},
  booktitle={Proceedings of the IEEE conference on computer vision and pattern recognition},
  pages={4700--4708},
  year={2017}
}

@inproceedings{pytorch,
  title={Automatic differentiation in PyTorch},
  author={Paszke, Adam and Gross, Sam and Chintala, Soumith and Chanan, Gregory and Yang, Edward and DeVito, Zachary and Lin, Zeming and Desmaison, Alban and Antiga, Luca and Lerer, Adam},
  booktitle={NIPS-W},
  year={2017}
}

@inproceedings{nam1998audio,
  title={Audio-visual content-based violent scene characterization},
  author={Nam, Jeho and Alghoniemy, Masoud and Tewfik, Ahmed H},
  booktitle={Proceedings 1998 International Conference on Image Processing. ICIP98 (Cat. No. 98CB36269)},
  volume={1},
  pages={353--357},
  year={1998},
  organization={IEEE}
}

@inproceedings{cheng2003semantic,
  title={Semantic context detection based on hierarchical audio models},
  author={Cheng, Wen-Huang and Chu, Wei-Ta and Wu, Ja-Ling},
  booktitle={Proceedings of the 5th ACM SIGMM international workshop on Multimedia information retrieval},
  pages={109--115},
  year={2003},
  organization={ACM}
}

@inproceedings{zajdel2007cassandra,
  title={CASSANDRA: audio-video sensor fusion for aggression detection},
  author={Zajdel, Wojtek and Krijnders, Johannes D and Andringa, Tjeerd and Gavrila, Dariu M},
  booktitle={2007 IEEE Conference on Advanced Video and Signal Based Surveillance},
  pages={200--205},
  year={2007},
  organization={IEEE}
}

@article{acar2016breaking,
  title={Breaking down violence detection: Combining divide-et-impera and coarse-to-fine strategies},
  author={Acar, Esra and Hopfgartner, Frank and Albayrak, Sahin},
  journal={Neurocomputing},
  volume={208},
  pages={225--237},
  year={2016},
  publisher={Elsevier}
}

